<record><leader>00000cas a22000007a 4500</leader><controlfield tag="001">31336055</controlfield><controlfield tag="008">941024d19001912okuwr ne      0    0eng d</controlfield><datafield ind1=" " ind2=" " tag="010"><subfield code="a">sn 94061260 </subfield></datafield><datafield ind1=" " ind2=" " tag="040"><subfield code="a">OBN</subfield><subfield code="b">eng</subfield><subfield code="c">OBN</subfield><subfield code="d">OCL</subfield><subfield code="d">OCLCQ</subfield><subfield code="d">OCLCO</subfield></datafield><datafield ind1="1" ind2=" " tag="029"><subfield code="a">AU@</subfield><subfield code="b">000011358211</subfield></datafield><datafield ind1=" " ind2=" " tag="042"><subfield code="a">msc</subfield></datafield><datafield ind1=" " ind2=" " tag="043"><subfield code="a">n-us-ok</subfield></datafield><datafield ind1="0" ind2=" " tag="130"><subfield code="a">Gage record (Gage, Okla. : 1900)</subfield></datafield><datafield ind1="1" ind2="4" tag="245"><subfield code="a">The Gage record.</subfield></datafield><datafield ind1=" " ind2=" " tag="260"><subfield code="a">Gage, Woodward Co., Oklahoma. TY [Okla.] :</subfield><subfield code="b">T.J. Morris &amp; R.H. Gregory</subfield></datafield><datafield ind1=" " ind2=" " tag="300"><subfield code="a">v.</subfield></datafield><datafield ind1=" " ind2=" " tag="310"><subfield code="a">Weekly</subfield></datafield><datafield ind1="1" ind2=" " tag="362"><subfield code="a">Began in 1900; ceased in 1912.</subfield></datafield><datafield ind1=" " ind2=" " tag="588"><subfield code="a">Description based on: Vol. 5, no. 2 (Jan. 6, 1904).</subfield></datafield><datafield ind1=" " ind2="0" tag="651"><subfield code="a">Gage (Okla.)</subfield><subfield code="v">Newspapers.</subfield></datafield><datafield ind1=" " ind2="0" tag="651"><subfield code="a">Ellis County (Okla.)</subfield><subfield code="v">Newspapers.</subfield></datafield><datafield ind1=" " ind2="0" tag="651"><subfield code="a">Woodward County (Okla.)</subfield><subfield code="v">Newspapers.</subfield></datafield><datafield ind1=" " ind2="0" tag="651"><subfield code="a">Oklahoma Territory (Okla.)</subfield><subfield code="v">Newspapers.</subfield></datafield><datafield ind1=" " ind2=" " tag="752"><subfield code="a">United States</subfield><subfield code="b">Oklahoma</subfield><subfield code="c">Ellis</subfield><subfield code="d">Gage.</subfield></datafield><datafield ind1=" " ind2=" " tag="752"><subfield code="a">United States</subfield><subfield code="b">Oklahoma</subfield><subfield code="c">Woodward</subfield><subfield code="d">Gage.</subfield></datafield><datafield ind1="0" ind2="7" tag="785"><subfield code="t">Ellis County republican</subfield><subfield code="w">(DLC)sn 88084109</subfield><subfield code="w">(OCoLC)18395112</subfield></datafield><datafield ind1="0" ind2="7" tag="785"><subfield code="t">Republican record (Gage, Okla. : 1912)</subfield><subfield code="w">(DLC)sn 94061261</subfield><subfield code="w">(OCoLC)31336566</subfield></datafield></record>